%% LaTeX2e file `final project proposal.bib'
%% generated by the `filecontents' environment
%% from source `"final project proposal"' on 2023/10/08.
%%
    @article{q2021water,
      title={Water Demand Prediction Using Machine Learning Methods: A Case Study of the Beijing–Tianjin–Hebei Region in China},
      author={Q, Shuang and Zhao, RT},
      journal={Water},
      volume={13},
      number={3},
      pages={310},
      year={2021},
      doi={https://doi.org/10.3390/w13030310}
    }

    @article{kavya2023short,
      title={Short term water demand forecast modelling using artificial intelligence for smart water management},
      author={Kavya, M and Mathew, Aneesh and Shekar, Padala Raja and Sarwesh, P},
      journal={Sustainable Cities and Society},
      volume={95},
      pages={104610},
      year={2023},
      doi={https://doi.org/10.1016/j.scs.2023.104610},
      url={https://www.sciencedirect.com/science/article/pii/S2210670723002214}
    }
    
